<record><leader>00000cas a22000007a 4500</leader><controlfield tag="001">19996817</controlfield><controlfield tag="008">890712d18911923mouwr ne      0    0eng d</controlfield><datafield ind1=" " ind2=" " tag="010"><subfield code="a">sn 89066696 </subfield></datafield><datafield ind1=" " ind2=" " tag="040"><subfield code="a">MQN</subfield><subfield code="b">eng</subfield><subfield code="c">MQN</subfield><subfield code="d">OCLCQ</subfield><subfield code="d">DLC</subfield></datafield><datafield ind1=" " ind2=" " tag="042"><subfield code="a">msc</subfield></datafield><datafield ind1="0" ind2="4" tag="245"><subfield code="a">The Lutesville banner.</subfield></datafield><datafield ind1=" " ind2=" " tag="260"><subfield code="a">Lutesville, Mo. :</subfield><subfield code="b">Thomas R. Green &amp; Son,</subfield><subfield code="c">-1923.</subfield></datafield><datafield ind1=" " ind2=" " tag="300"><subfield code="a">v.</subfield></datafield><datafield ind1=" " ind2=" " tag="310"><subfield code="a">Weekly</subfield></datafield><datafield ind1="1" ind2=" " tag="362"><subfield code="a">Began in 1891?</subfield></datafield><datafield ind1="0" ind2=" " tag="362"><subfield code="a">-v. 31, no. 41 (May 3, 1923).</subfield></datafield><datafield ind1=" " ind2=" " tag="588"><subfield code="a">Description based on: Vol. 4, no. 43 (Aug. 8, 1895).</subfield></datafield><datafield ind1=" " ind2=" " tag="752"><subfield code="a">United States</subfield><subfield code="b">Missouri</subfield><subfield code="c">Bollinger</subfield><subfield code="d">Lutesville.</subfield></datafield><datafield ind1="0" ind2="7" tag="785"><subfield code="t">Marble Hill press</subfield><subfield code="x">2378-5233</subfield><subfield code="w">(DLC)sn 89066695</subfield><subfield code="w">(OCoLC)19996812</subfield></datafield><datafield ind1="0" ind2="7" tag="785"><subfield code="t">Banner-press (Marble Hill, Mo.)</subfield><subfield code="w">(DLC)sn 89066697</subfield></datafield></record>